<?xml version="1.0" encoding="UTF-8"?><record xmlns="http://www.loc.gov/MARC21/slim" xmlns:cinclude="http://apache.org/cocoon/include/1.0" xmlns:zs="http://www.loc.gov/zing/srw/">
  <leader>00478nz  a2200133n  4500</leader>
  <controlfield tag="001">n 2002029956</controlfield>
  <controlfield tag="003">DLC</controlfield>
  <controlfield tag="005">20021115102510.0</controlfield>
  <controlfield tag="008">021115n| acannaabn          |a aaa      </controlfield>
  <datafield tag="010" ind1=" " ind2=" ">
    <subfield code="a">n 2002029956</subfield>
  </datafield>
  <datafield tag="040" ind1=" " ind2=" ">
    <subfield code="a">DLC</subfield>
    <subfield code="b">eng</subfield>
    <subfield code="c">DLC</subfield>
  </datafield>
  <datafield tag="100" ind1="1" ind2=" ">
    <subfield code="a">Elmer, Martha Rosella,</subfield>
    <subfield code="d">1850-1901</subfield>
  </datafield>
  <datafield tag="400" ind1="1" ind2=" ">
    <subfield code="a">Streeter, Martha Rosella,</subfield>
    <subfield code="d">1850-1901</subfield>
  </datafield>
  <datafield tag="670" ind1=" " ind2=" ">
    <subfield code="a">Fox, Judy Kellar. Martha's people, c2001:</subfield>
    <subfield code="b">p. x (Martha Rosella Elmer, b. Oct. 6, 1850, Mass.; m. Moses Streeter, Nov. 24, 1870; d. Oct. 5, 1901, Vt.)</subfield>
  </datafield>
</record>